<record><leader>00000cas a22000007a 4500</leader><controlfield tag="001">11596002</controlfield><controlfield tag="008">850118d186u1879wiuwr ne      0    0eng d</controlfield><datafield ind1=" " ind2=" " tag="010"><subfield code="a">sn 85033018 </subfield></datafield><datafield ind1=" " ind2=" " tag="040"><subfield code="a">NPU</subfield><subfield code="b">eng</subfield><subfield code="c">NPU</subfield><subfield code="d">NPV</subfield><subfield code="d">NPX</subfield><subfield code="d">NVK</subfield><subfield code="d">OCL</subfield><subfield code="d">OCLCQ</subfield><subfield code="d">OCLCF</subfield><subfield code="d">OCLCO</subfield></datafield><datafield ind1=" " ind2=" " tag="042"><subfield code="a">msc</subfield></datafield><datafield ind1=" " ind2=" " tag="043"><subfield code="a">n-us-wi</subfield></datafield><datafield ind1=" " ind2=" " tag="045"><subfield code="a">w6w7</subfield></datafield><datafield ind1=" " ind2=" " tag="052"><subfield code="a">4123</subfield><subfield code="b">B8</subfield></datafield><datafield ind1="0" ind2="0" tag="245"><subfield code="a">Alma weekly express.</subfield></datafield><datafield ind1="1" ind2="3" tag="246"><subfield code="a">Alma express</subfield></datafield><datafield ind1="1" ind2="3" tag="246"><subfield code="a">Weekly express</subfield></datafield><datafield ind1=" " ind2=" " tag="260"><subfield code="a">Alma, Wis. :</subfield><subfield code="b">Perkins &amp; McBride,</subfield><subfield code="c">-1879.</subfield></datafield><datafield ind1=" " ind2=" " tag="300"><subfield code="a">v. :</subfield><subfield code="b">ill.</subfield></datafield><datafield ind1=" " ind2=" " tag="310"><subfield code="a">Weekly</subfield></datafield><datafield ind1="0" ind2=" " tag="362"><subfield code="a">-v. 18, no. 31 (May 29, 1879).</subfield></datafield><datafield ind1=" " ind2=" " tag="500"><subfield code="a">Publisher varies.</subfield></datafield><datafield ind1=" " ind2=" " tag="500"><subfield code="a">"Devoted to the interest of Buffalo county."</subfield></datafield><datafield ind1=" " ind2=" " tag="500"><subfield code="a">Editors: P.P. McBride &amp; A.D. Perkins, &lt;Oct. 23, 1868&gt;-May 21, 1869; P.P. McBride, May 28-&lt;July 8, 1869&gt;; G.W. Gilkey &amp; J.E. Stillman, &lt;July 29, 1869&gt;-Jan. 19, 1871; J. Hunner &amp; J.W. DeGroff, Jan. 26-May 18, 1871; J. Hunner, May 25-Aug. 17, 1871; J. Hunner &amp; C.L. James, &lt;July 4&gt;-&lt;Aug. 5, 1872&gt;; J.W. DeGroff &amp; C.L. James, &lt;Sept. 9&gt;-Dec. 2, 1872; J.W. DeGroff &amp; A. Rockwell, Dec. 9, 1872-May 29, 1873; J.W. DeGroff &amp; G.A. Edes, June 5, 1873-April 1, 1875; J.W. DeGroff, April 8, 1875-May 29, 1879.</subfield></datafield><datafield ind1=" " ind2=" " tag="530"><subfield code="a">Available on microfilm from The State Historical Society of Wisconsin.</subfield></datafield><datafield ind1=" " ind2=" " tag="588"><subfield code="a">Description based on: Vol. 8, no. 1 (Oct. 23, 1868).</subfield></datafield><datafield ind1=" " ind2="0" tag="651"><subfield code="a">Alma (Wis.)</subfield><subfield code="v">Newspapers.</subfield></datafield><datafield ind1=" " ind2="0" tag="651"><subfield code="a">Buffalo County (Wis.)</subfield><subfield code="v">Newspapers.</subfield></datafield><datafield ind1=" " ind2="7" tag="655"><subfield code="a">Newspapers.</subfield><subfield code="2">fast</subfield><subfield code="0">(OCoLC)fst01423814</subfield></datafield><datafield ind1=" " ind2="7" tag="651"><subfield code="a">Wisconsin</subfield><subfield code="z">Alma.</subfield><subfield code="2">fast</subfield><subfield code="0">(OCoLC)fst01212555</subfield></datafield><datafield ind1=" " ind2="7" tag="651"><subfield code="a">Wisconsin</subfield><subfield code="z">Buffalo County.</subfield><subfield code="2">fast</subfield><subfield code="0">(OCoLC)fst01215960</subfield></datafield><datafield ind1=" " ind2=" " tag="752"><subfield code="a">United States</subfield><subfield code="b">Wisconsin</subfield><subfield code="c">Buffalo</subfield><subfield code="d">Alma.</subfield></datafield><datafield ind1="0" ind2="0" tag="785"><subfield code="t">Buffalo County journal (Alma, Wis. : 1879)</subfield><subfield code="w">(DLC)sn 86086047</subfield></datafield></record>